<?xml version="1.0" encoding="UTF-8"?><collection xmlns="http://www.loc.gov/MARC21/slim"><record><leader>00377nam--2200133-i-4500</leader><controlfield tag="001">000018899</controlfield><controlfield tag="002">20161230</controlfield><controlfield tag="005">20161230201032</controlfield><controlfield tag="008">060222s1000------------r-----000-0-eng-d</controlfield><datafield ind1=" " ind2=" " tag="080"><subfield code="a">548.4:539.12.043</subfield></datafield><datafield ind1=" " ind2=" " tag="100"><subfield code="a">Fitzgerald, Edwin R</subfield></datafield><datafield ind1=" " ind2=" " tag="245"><subfield code="a">Particle waves and deformation in crystalline solids</subfield></datafield><datafield ind1=" " ind2=" " tag="260"><subfield code="a">New York, Interscience Publishers, 1966. Xi + 249 P</subfield></datafield><datafield ind1=" " ind2=" " tag="852"><subfield code="a">24798</subfield></datafield></record></collection>